@inproceedings{abadi_tensorflow:_2016,
  title     = {Tensorflow: a system for large-scale machine learning.},
  booktitle = {{OSDI}},
  author    = {Abadi, Martín and Barham, Paul and Chen, Jianmin and Chen, Zhifeng and Davis, Andy and Dean, Jeffrey and Devin, Matthieu and Ghemawat, Sanjay and Irving, Geoffrey and Isard, Michael},
  year      = {2016}
}
@article{aghajanyan2020intrinsic,
  title   = {Intrinsic dimensionality explains the effectiveness of language model fine-tuning},
  author  = {Aghajanyan, Armen and Zettlemoyer, Luke and Gupta, Sonal},
  journal = {arXiv preprint arXiv:2012.13255},
  year    = {2020}
}
@inproceedings{agrawal2014analyzing,
  title        = {Analyzing the performance of multilayer neural networks for object recognition},
  author       = {Agrawal, Pulkit and Girshick, Ross and Malik, Jitendra},
  booktitle    = {European conference on computer vision},
  pages        = {329--344},
  year         = {2014},
  organization = {Springer}
}
@inproceedings{aygun2017exploiting,
  title     = {Exploiting convolution filter patterns for transfer learning},
  author    = {Aygun, Mehmet and Aytar, Yusuf and Kemal Ekenel, Hazim},
  booktitle = {International Conference on Computer Vision (ICCV)},
  pages     = {2674--2680},
  year      = {2017}
}
@inproceedings{bao2019information,
  title        = {An information-theoretic approach to transferability in task transfer learning},
  author       = {Bao, Yajie and Li, Yang and Huang, Shao-Lun and Zhang, Lin and Zheng, Lizhong and Zamir, Amir and Guibas, Leonidas},
  booktitle    = {2019 IEEE International Conference on Image Processing (ICIP)},
  pages        = {2309--2313},
  year         = {2019},
  organization = {IEEE}
}
@article{bao2021beit,
  title   = {Beit: Bert pre-training of image transformers},
  author  = {Bao, Hangbo and Dong, Li and Wei, Furu},
  journal = {arXiv preprint arXiv:2106.08254},
  year    = {2021}
}
@inproceedings{benoit_pytorch:_2019,
  title     = {{PyTorch}: {An} {Imperative} {Style}, {High}-{Performance} {Deep} {Learning} {Library}},
  booktitle = {{NeurIPS}},
  author    = {Benoit, Steiner and Zachary, DeVito and Soumith, Chintala and Sam, Gross and Adam, Paszke and Francisco, Massa and Adam, Lerer and Gregory, Chanan and Zeming, Lin and Edward, Yang and Alban, Desmaison and Alykhan, Tejani and Andreas, Kopf and James, Bradbury and Luca, Antiga and Martin, Raison and Natalia, Gimelshein and Sasank, Chilamkurthy and Trevor, Killeen and Lu, Fang and Junjie, Bai},
  year      = {2019}
}
@book{bishop_pattern_2006,
  title  = {Pattern recognition and machine learning},
  author = {Bishop, Christopher M.},
  year   = {2006}
}
@book{boyd_convex_2004,
  title  = {Convex optimization},
  author = {Boyd, Stephen and Vandenberghe, Lieven},
  year   = {2004}
}
@article{caruana1997multitask,
  title     = {Multitask learning},
  author    = {Caruana, Rich},
  journal   = {Machine learning},
  volume    = {28},
  number    = {1},
  pages     = {41--75},
  year      = {1997},
  publisher = {Springer}
}
@article{chen_simple_2020,
  title   = {A {Simple} {Framework} for {Contrastive} {Learning} of {Visual} {Representations}},
  journal = {arXiv preprint arXiv:2002.05709},
  author  = {Chen, Ting and Kornblith, Simon and Norouzi, Mohammad and Hinton, Geoffrey},
  year    = {2020}
}
@inproceedings{chen2018encoder,
  title     = {Encoder-decoder with atrous separable convolution for semantic image segmentation},
  author    = {Chen, Liang-Chieh and Zhu, Yukun and Papandreou, George and Schroff, Florian and Adam, Hartwig},
  booktitle = {Proceedings of the European conference on computer vision (ECCV)},
  pages     = {801--818},
  year      = {2018}
}
@inproceedings{chen2019catastrophic,
  title     = {Catastrophic Forgetting Meets Negative Transfer: Batch Spectral Shrinkage for Safe Transfer Learning},
  author    = {Chen, Xinyang and Wang, Sinan and Fu, Bo and Long, Mingsheng and Wang, Jianmin},
  booktitle = {Advances in Neural Information Processing Systems},
  pages     = {1906--1916},
  year      = {2019}
}
@inproceedings{chen2019transferability,
  title     = {Transferability vs. Discriminability: Batch Spectral Penalization for Adversarial Domain Adaptation},
  author    = {Chen, Xinyang and Wang, Sinan and Long, Mingsheng and Wang, Jianmin},
  booktitle = {ICML},
  pages     = {1081--1090},
  year      = {2019}
}
@inproceedings{cite:NIPS14CNN,
  author        = {Yosinski, J. and Clune, J. and Bengio, Y. and Lipson, H.},
  booktitle     = {Advances in Neural Information Processing Systems (NeurIPS)},
  date-modified = {2016-02-01 08:54:19 +0000},
  title         = {How transferable are features in deep neural networks?},
  year          = {2014}
}
@misc{cooijmans2016recurrent,
  title     = {Recurrent Batch Normalization},
  author    = {Tim Cooijmans and Nicolas Ballas and César Laurent and Çağlar Gülçehre and Aaron Courville},
  booktitle = {{ICLR}},
  year      = {2017}
}
@inproceedings{cui2018large,
  title     = {Large scale fine-grained categorization and domain-specific transfer learning},
  author    = {Cui, Yin and Song, Yang and Sun, Chen and Howard, Andrew and Belongie, Serge},
  booktitle = {IEEE conference on computer vision and pattern recognition (CVPR)},
  pages     = {4109--4118},
  year      = {2018}
}
@inproceedings{deng_imagenet:_2009,
  title     = {Imagenet: {A} large-scale hierarchical image database},
  booktitle = {{CVPR}},
  author    = {Deng, Jia and Dong, Wei and Socher, Richard and Li, Li-Jia and Li, Kai and Fei-Fei, Li},
  year      = {2009}
}
@inproceedings{deng2009imagenet,
  title        = {Imagenet: A large-scale hierarchical image database},
  author       = {Deng, Jia and Dong, Wei and Socher, Richard and Li, Li-Jia and Li, Kai and Fei-Fei, Li},
  booktitle    = {IEEE conference on computer vision and pattern recognition (CVPR)},
  pages        = {248--255},
  year         = {2009},
  organization = {Ieee}
}
@inproceedings{devlin2019bert,
  title     = {BERT: Pre-training of Deep Bidirectional Transformers for Language Understanding},
  author    = {Devlin, Jacob and Chang, Ming-Wei and Lee, Kenton and Toutanova, Kristina},
  booktitle = {Annual Conference of the North American Chapter of the Association for Computational Linguistics (NAACL)},
  year      = {2019}
}
@inproceedings{donahue2014decaf,
  title        = {Decaf: A deep convolutional activation feature for generic visual recognition},
  author       = {Donahue, Jeff and Jia, Yangqing and Vinyals, Oriol and Hoffman, Judy and Zhang, Ning and Tzeng, Eric and Darrell, Trevor},
  booktitle    = {International conference on machine learning},
  pages        = {647--655},
  year         = {2014},
  organization = {PMLR}
}
@article{french1999catastrophic,
  title     = {Catastrophic forgetting in connectionist networks},
  author    = {French, Robert M},
  journal   = {Trends in cognitive sciences},
  volume    = {3},
  number    = {4},
  pages     = {128--135},
  year      = {1999},
  publisher = {Elsevier}
}
@inproceedings{ganin_unsupervised_2015,
  title     = {Unsupervised {Domain} {Adaptation} by {Backpropagation}},
  booktitle = {{ICML}},
  author    = {Ganin, Yaroslav and Lempitsky, Victor},
  year      = {2015}
}
@inproceedings{ge2017borrowing,
  title     = {Borrowing treasures from the wealthy: Deep transfer learning through selective joint fine-tuning},
  author    = {Ge, Weifeng and Yu, Yizhou},
  booktitle = {IEEE conference on computer vision and pattern recognition (CVPR)},
  pages     = {1086--1095},
  year      = {2017}
}
@inproceedings{girshick2014rich,
  title     = {Rich feature hierarchies for accurate object detection and semantic segmentation},
  author    = {Girshick, Ross and Donahue, Jeff and Darrell, Trevor and Malik, Jitendra},
  booktitle = {Proceedings of the IEEE conference on computer vision and pattern recognition},
  pages     = {580--587},
  year      = {2014}
}
@book{goodfellow_deep_2016,
  title  = {Deep learning},
  author = {Goodfellow, Ian and Bengio, Yoshua and Courville, Aaron},
  year   = {2016}
}
@article{griffin2007caltech,
  title     = {Caltech-256 object category dataset},
  author    = {Griffin, Gregory and Holub, Alex and Perona, Pietro},
  year      = {2007},
  publisher = {California Institute of Technology}
}
@misc{guo2019single,
  title         = {Single Path One-Shot Neural Architecture Search with Uniform Sampling},
  author        = {Zichao Guo and Xiangyu Zhang and Haoyuan Mu and Wen Heng and Zechun Liu and Yichen Wei and Jian Sun},
  year          = {2019},
  eprint        = {1904.00420},
  archiveprefix = {arXiv},
  primaryclass  = {cs.CV}
}
@inproceedings{he2016deep,
  title     = {Deep residual learning for image recognition},
  author    = {He, Kaiming and Zhang, Xiangyu and Ren, Shaoqing and Sun, Jian},
  booktitle = {IEEE conference on computer vision and pattern recognition (CVPR)},
  pages     = {770--778},
  year      = {2016}
}
@inproceedings{he2017mask,
  title     = {Mask r-cnn},
  author    = {He, Kaiming and Gkioxari, Georgia and Doll{\'a}r, Piotr and Girshick, Ross},
  booktitle = {Proceedings of the IEEE international conference on computer vision},
  pages     = {2961--2969},
  year      = {2017}
}
@article{he2018rethinking,
  title   = {Rethinking imagenet pre-training},
  author  = {He, Kaiming and Girshick, Ross and Doll{\'a}r, Piotr},
  journal = {International Conference on Computer Vision (ICCV)},
  year    = {2019}
}
@inproceedings{he2020momentum,
  title     = {Momentum contrast for unsupervised visual representation learning},
  author    = {He, Kaiming and Fan, Haoqi and Wu, Yuxin and Xie, Saining and Girshick, Ross},
  booktitle = {Proceedings of the IEEE/CVF conference on computer vision and pattern recognition},
  pages     = {9729--9738},
  year      = {2020}
}
@article{he2020sample,
  title   = {Sample-efficient deep learning for COVID-19 diagnosis based on CT scans},
  author  = {He, Xuehai},
  journal = {IEEE transactions on medical imaging},
  year    = {2020}
}
@article{he2021masked,
  title   = {Masked autoencoders are scalable vision learners},
  author  = {He, Kaiming and Chen, Xinlei and Xie, Saining and Li, Yanghao and Doll{\'a}r, Piotr and Girshick, Ross},
  journal = {arXiv preprint arXiv:2111.06377},
  year    = {2021}
}
@article{hinton2015distilling,
  title   = {Distilling the knowledge in a neural network},
  author  = {Hinton, Geoffrey and Vinyals, Oriol and Dean, Jeff},
  journal = {arXiv preprint arXiv:1503.02531},
  year    = {2015}
}
@inproceedings{huang_densely_2017,
  title     = {Densely connected convolutional networks},
  booktitle = {{CVPR}},
  author    = {Huang, Gao and Liu, Zhuang and Weinberger, Kilian Q. and van der Maaten, Laurens},
  year      = {2017}
}
@article{huh2016makes,
  title   = {What makes ImageNet good for transfer learning?},
  author  = {Huh, Minyoung and Agrawal, Pulkit and Efros, Alexei A},
  journal = {arXiv preprint arXiv:1608.08614},
  year    = {2016}
}
@inproceedings{ioffe2015BN,
  author    = {Ioffe, Sergey and Szegedy, Christian},
  title     = {Batch Normalization: Accelerating Deep Network Training by Reducing Internal Covariate Shift},
  booktitle = {ICML},
  year      = {2015}
}
@inproceedings{ioffe2017batch,
  title     = {Batch renormalization: Towards reducing minibatch dependence in batch-normalized models},
  author    = {Ioffe, Sergey},
  booktitle = {Advances in neural information processing systems},
  pages     = {1945--1953},
  year      = {2017}
}
@inproceedings{jung_joint_2015,
  title  = {Joint {Fine}-{Tuning} in {Deep} {Neural} {Networks} for {Facial} {Expression} {Recognition}},
  author = {Jung, Heechul and Lee, Sihaeng and Yim, Junho and Park, Sunjeong and Kim, Junmo},
  year   = {2015}
}
@inproceedings{KhoslaYaoJayadevaprakashFeiFei_FGVC2011,
  author    = {Aditya Khosla and Nityananda Jayadevaprakash and Bangpeng Yao and Li Fei-Fei},
  title     = {Novel Dataset for Fine-Grained Image Categorization},
  booktitle = {IEEE Conference on Computer Vision and Pattern Recognition (CVPR)},
  year      = {2011},
  month     = {June},
  address   = {Colorado Springs, CO}
}
@article{kirkpatrick2017overcoming,
  title     = {Overcoming catastrophic forgetting in neural networks},
  author    = {Kirkpatrick, James and Pascanu, Razvan and Rabinowitz, Neil and Veness, Joel and Desjardins, Guillaume and Rusu, Andrei A and Milan, Kieran and Quan, John and Ramalho, Tiago and Grabska-Barwinska, Agnieszka and others},
  journal   = {Proceedings of the national academy of sciences (PNAS)},
  volume    = {114},
  number    = {13},
  pages     = {3521--3526},
  year      = {2017},
  publisher = {National Acad Sciences}
}
@article{kornblith2018better,
  title   = {Do better imagenet models transfer better?},
  author  = {Kornblith, Simon and Shlens, Jonathon and Le, Quoc V},
  journal = {IEEE Conference on Computer Vision and Pattern Recognition (CVPR)},
  year    = {2019}
}
@inproceedings{KrauseStarkDengFei-Fei_3DRR2013,
  title     = {3D Object Representations for Fine-Grained Categorization},
  booktitle = {4th International IEEE Workshop on  3D Representation and Recognition (3dRR-13)},
  year      = {2013},
  address   = {Sydney, Australia},
  author    = {Jonathan Krause and Michael Stark and Jia Deng and Li Fei-Fei}
}
@inproceedings{krizhevsky2012imagenet,
  title     = {Imagenet classification with deep convolutional neural networks},
  author    = {Krizhevsky, Alex and Sutskever, Ilya and Hinton, Geoffrey E},
  booktitle = {Advances in neural information processing systems (NeurIPS)},
  pages     = {1097--1105},
  year      = {2012}
}
@article{lecun_deep_2015,
  title   = {Deep learning},
  journal = {Nature},
  author  = {LeCun, Yann and Bengio, Yoshua and Hinton, Geoffrey},
  year    = {2015}
}
@inproceedings{lee2017overcoming,
  title     = {Overcoming catastrophic forgetting by incremental moment matching},
  author    = {Lee, Sang-Woo and Kim, Jin-Hwa and Jun, Jaehyun and Ha, Jung-Woo and Zhang, Byoung-Tak},
  booktitle = {Advances in neural information processing systems (NeurIPS)},
  pages     = {4652--4662},
  year      = {2017}
} 

@inproceedings{lei2016LayerNorm,
  author    = {Lei Jimmy Ba and
               Jamie Ryan Kiros and
               Geoffrey E. Hinton},
  title     = {Layer Normalization},
  booktitle = {NeurIPS},
  year      = {2016}
}

@article{li_adaptive_2018,
  title   = {Adaptive {Batch} {Normalization} for practical domain adaptation},
  journal = {Pattern Recognition},
  author  = {Li, Yanghao and Wang, Naiyan and Shi, Jianping and Hou, Xiaodi and Liu, Jiaying},
  year    = {2018}
}

@article{li2017learning,
  title     = {Learning without forgetting},
  author    = {Li, Zhizhong and Hoiem, Derek},
  journal   = {IEEE transactions on pattern analysis and machine intelligence},
  volume    = {40},
  number    = {12},
  pages     = {2935--2947},
  year      = {2017},
  publisher = {IEEE}
}

@inproceedings{li2018delta,
  title     = {DELTA: DEEP LEARNING TRANSFER USING FEATURE MAP WITH ATTENTION FOR CONVOLUTIONAL NETWORKS},
  author    = {Li, Xingjian and Xiong, Haoyi and Wang, Hanchao and Rao, Yuxuan and Liu, Liping and Huan, Jun},
  booktitle = {International Conference on Learning Representations (ICLR)},
  year      = {2019}
}

@article{li2018learning,
  title     = {Learning without forgetting},
  author    = {Li, Zhizhong and Hoiem, Derek},
  journal   = {IEEE transactions on pattern analysis and machine intelligence (TPAMI)},
  volume    = {40},
  number    = {12},
  pages     = {2935--2947},
  year      = {2018},
  publisher = {IEEE}
}

@inproceedings{liu2017sparse,
  title     = {Sparse deep transfer learning for convolutional neural network},
  author    = {Liu, Jiaming and Wang, Yali and Qiao, Yu},
  booktitle = {AAAI Conference on Artificial Intelligence (AAAI)},
  year      = {2017}
}

@article{liu2019knowledge,
  title   = {Knowledge flow: Improve upon your teachers},
  author  = {Liu, Iou-Jen and Peng, Jian and Schwing, Alexander G},
  journal = {arXiv preprint arXiv:1904.05878},
  year    = {2019}
}

@article{liu2021pre,
  title   = {Pre-train, prompt, and predict: A systematic survey of prompting methods in natural language processing},
  author  = {Liu, Pengfei and Yuan, Weizhe and Fu, Jinlan and Jiang, Zhengbao and Hayashi, Hiroaki and Neubig, Graham},
  journal = {arXiv preprint arXiv:2107.13586},
  year    = {2021}
}

@inproceedings{long_learning_2015,
  title     = {Learning {Transferable} {Features} with {Deep} {Adaptation} {Networks}},
  booktitle = {{ICML}},
  author    = {Long, Mingsheng and Cao, Yue and Wang, Jianmin and Jordan, Michael},
  year      = {2015}
}


@article{maji2013fine,
  title   = {Fine-grained visual classification of aircraft},
  author  = {Maji, Subhransu and Rahtu, Esa and Kannala, Juho and Blaschko, Matthew and Vedaldi, Andrea},
  journal = {Technical report},
  year    = {2013}
}

@article{miao1992principal,
  title     = {On principal angles between subspaces in Rn},
  author    = {Miao, Jianming and Ben-Israel, Adi},
  journal   = {Linear algebra and its applications},
  volume    = {171},
  pages     = {81--98},
  year      = {1992},
  publisher = {Elsevier}
}

@article{mikolov2013distributed,
  title   = {Distributed representations of words and phrases and their compositionality},
  author  = {Mikolov, Tomas and Sutskever, Ilya and Chen, Kai and Corrado, Greg S and Dean, Jeff},
  journal = {Advances in neural information processing systems},
  volume  = {26},
  year    = {2013}
}

@inproceedings{miyato_spectral_2018,
  title     = {Spectral {Normalization} for {Generative} {Adversarial} {Networks}},
  booktitle = {{ICLR}},
  author    = {Miyato, Takeru and Kataoka, Toshiki and Koyama, Masanori and Yoshida, Yuichi},
  year      = {2018}
}
@inproceedings{nguyen2020leep,
  title        = {Leep: A new measure to evaluate transferability of learned representations},
  author       = {Nguyen, Cuong and Hassner, Tal and Seeger, Matthias and Archambeau, Cedric},
  booktitle    = {International Conference on Machine Learning},
  pages        = {7294--7305},
  year         = {2020},
  organization = {PMLR}
}
@inproceedings{oquab2014learning,
  title     = {Learning and transferring mid-level image representations using convolutional neural networks},
  author    = {Oquab, Maxime and Bottou, Leon and Laptev, Ivan and Sivic, Josef},
  booktitle = {Proceedings of the IEEE conference on computer vision and pattern recognition},
  pages     = {1717--1724},
  year      = {2014}
}

@article{pan2009survey,
  title     = {A survey on transfer learning},
  author    = {Pan, Sinno Jialin and Yang, Qiang},
  journal   = {IEEE Transactions on knowledge and data engineering (TKDE)},
  volume    = {22},
  number    = {10},
  pages     = {1345--1359},
  year      = {2009},
  publisher = {IEEE}
}

@inproceedings{parkhi2012cats,
  title        = {Cats and dogs},
  author       = {Parkhi, Omkar M and Vedaldi, Andrea and Zisserman, Andrew and Jawahar, CV},
  booktitle    = {IEEE conference on computer vision and pattern recognition (CVPR)},
  pages        = {3498--3505},
  year         = {2012},
  organization = {IEEE}
}

@inproceedings{peng_megdet:_2018,
  title     = {{MegDet}: {A} {Large} {Mini}-{Batch} {Object} {Detector}},
  booktitle = {{CVPR}},
  author    = {Peng, Chao and Xiao, Tete and Li, Zeming and Jiang, Yuning and Zhang, Xiangyu and Jia, Kai and Yu, Gang and Sun, Jian},
  year      = {2018}
}

@inproceedings{pennington2014glove,
  title     = {Glove: Global vectors for word representation},
  author    = {Pennington, Jeffrey and Socher, Richard and Manning, Christopher D},
  booktitle = {Proceedings of the 2014 conference on empirical methods in natural language processing (EMNLP)},
  pages     = {1532--1543},
  year      = {2014}
}
@inproceedings{quattoni2009recognizing,
  title        = {Recognizing indoor scenes},
  author       = {Quattoni, Ariadna and Torralba, Antonio},
  booktitle    = {IEEE Conference on Computer Vision and Pattern Recognition (CVPR)},
  pages        = {413--420},
  year         = {2009},
  organization = {IEEE}
}
@book{quionero-candela_dataset_2009,
  title  = {Dataset shift in machine learning},
  author = {Quionero-Candela, Joaquin and Sugiyama, Masashi and Schwaighofer, Anton and Lawrence, Neil D.},
  year   = {2009}
}
@inproceedings{radford2021learning,
  title        = {Learning transferable visual models from natural language supervision},
  author       = {Radford, Alec and Kim, Jong Wook and Hallacy, Chris and Ramesh, Aditya and Goh, Gabriel and Agarwal, Sandhini and Sastry, Girish and Askell, Amanda and Mishkin, Pamela and Clark, Jack and others},
  booktitle    = {International Conference on Machine Learning},
  pages        = {8748--8763},
  year         = {2021},
  organization = {PMLR}
}
@inproceedings{raghu2019transfusion,
  title     = {Transfusion: Understanding transfer learning for medical imaging},
  author    = {Raghu, Maithra and Zhang, Chiyuan and Kleinberg, Jon and Bengio, Samy},
  booktitle = {Advances in Neural Information Processing Systems},
  pages     = {3342--3352},
  year      = {2019}
}

@article{romero2014fitnets,
  title   = {Fitnets: Hints for thin deep nets},
  author  = {Romero, Adriana and Ballas, Nicolas and Kahou, Samira Ebrahimi and Chassang, Antoine and Gatta, Carlo and Bengio, Yoshua},
  journal = {arXiv preprint arXiv:1412.6550},
  year    = {2014}
}

@article{rusu2016progressive,
  title   = {Progressive neural networks},
  author  = {Rusu, Andrei A and Rabinowitz, Neil C and Desjardins, Guillaume and Soyer, Hubert and Kirkpatrick, James and Kavukcuoglu, Koray and Pascanu, Razvan and Hadsell, Raia},
  journal = {arXiv preprint arXiv:1606.04671},
  year    = {2016}
}

@inproceedings{saenko2010adapting,
  title        = {Adapting visual category models to new domains},
  author       = {Saenko, Kate and Kulis, Brian and Fritz, Mario and Darrell, Trevor},
  booktitle    = {ECCV},
  pages        = {213--226},
  year         = {2010},
  organization = {Springer}
}

@inproceedings{saito_maximum_2018,
  title     = {Maximum classifier discrepancy for unsupervised domain adaptation},
  booktitle = {{CVPR}},
  author    = {Saito, Kuniaki and Watanabe, Kohei and Ushiku, Yoshitaka and Harada, Tatsuya},
  year      = {2018}
}

@article{Salimans2016Weight,
  title     = {Weight Normalization: A Simple Reparameterization to Accelerate Training of Deep Neural Networks},
  author    = {Salimans, Tim and Kingma, Diederik P},
  year      = {2016},
  booktitle = {{NIPS}}
}

@inproceedings{sandler_mobilenetv2:_2018,
  title     = {{MobileNetV}2: {Inverted} {Residuals} and {Linear} {Bottlenecks}},
  booktitle = {{CVPR}},
  author    = {Sandler, Mark and Howard, Andrew and Zhu, Menglong and Zhmoginov, Andrey and Chen, Liang-Chieh},
  year      = {2018}
}

@inproceedings{sankaranarayanan_generate_2018,
  title     = {Generate to adapt: {Aligning} domains using generative adversarial networks},
  booktitle = {{CVPR}},
  author    = {Sankaranarayanan, Swami and Balaji, Yogesh and Castillo, Carlos D. and Chellappa, Rama},
  year      = {2018}
}

@article{santurkar2018does,
  title   = {How does batch normalization help optimization?},
  author  = {Santurkar, Shibani and Tsipras, Dimitris and Ilyas, Andrew and Madry, Aleksander},
  journal = {Advances in neural information processing systems},
  volume  = {31},
  year    = {2018}
}

@inproceedings{serra2018overcoming,
  title     = {Overcoming Catastrophic Forgetting with Hard Attention to the Task},
  author    = {Serra, Joan and Suris, Didac and Miron, Marius and Karatzoglou, Alexandros},
  booktitle = {International Conference on Machine Learning (ICML)},
  pages     = {4555--4564},
  year      = {2018}
}

@inproceedings{shu2021zoo,
  title        = {Zoo-tuning: Adaptive transfer from a zoo of models},
  author       = {Shu, Yang and Kou, Zhi and Cao, Zhangjie and Wang, Jianmin and Long, Mingsheng},
  booktitle    = {International Conference on Machine Learning},
  pages        = {9626--9637},
  year         = {2021},
  organization = {PMLR}
}

@inproceedings{simonyan2015very,
  title     = {Very deep convolutional networks for large-scale image recognition},
  author    = {Simonyan, Karen and Zisserman, Andrew},
  booktitle = {International Conference on Learning Representations (ICLR)},
  year      = {2015}
}


@article{srivastava_dropout:_2014,
  title   = {Dropout: a simple way to prevent neural networks from overfitting},
  journal = {JMLR},
  author  = {Srivastava, Nitish and Hinton, Geoffrey and Krizhevsky, Alex and Sutskever, Ilya and Salakhutdinov, Ruslan},
  year    = {2014}
}

@article{summers2019four,
  title     = {Four Things Everyone Should Know to Improve Batch Normalization},
  author    = {Summers, Cecilia and Dinneen, Michael J},
  booktitle = {{ICLR}},
  year      = {2019}
}

@inproceedings{sun2016deep,
  title        = {Deep coral: Correlation alignment for deep domain adaptation},
  author       = {Sun, Baochen and Saenko, Kate},
  booktitle    = {ECCV},
  pages        = {443--450},
  year         = {2016},
  organization = {Springer}
}

@inproceedings{sun2017revisiting,
  title     = {Revisiting unreasonable effectiveness of data in deep learning era},
  author    = {Sun, Chen and Shrivastava, Abhinav and Singh, Saurabh and Gupta, Abhinav},
  booktitle = {Proceedings of the IEEE international conference on computer vision},
  pages     = {843--852},
  year      = {2017}
}

@inproceedings{szegedy_going_2015,
  title  = {Going deeper with convolutions},
  author = {Szegedy, Christian and Liu, Wei and Jia, Yangqing and Sermanet, Pierre and Reed, Scott and Anguelov, Dragomir and Erhan, Dumitru and Vanhoucke, Vincent and Rabinovich, Andrew},
  year   = {2015}
}

@inproceedings{szegedy2016rethinking,
  title     = {Rethinking the inception architecture for computer vision},
  author    = {Szegedy, Christian and Vanhoucke, Vincent and Ioffe, Sergey and Shlens, Jon and Wojna, Zbigniew},
  booktitle = {IEEE conference on computer vision and pattern recognition (CVPR)},
  pages     = {2818--2826},
  year      = {2016}
}
@inproceedings{tang_beyond_2020,
  title     = {Beyond {Dropout}: {Feature} {Map} {Distortion} to {Regularize} {Deep} {Neural} {Networks}},
  booktitle = {{AAAI}},
  author    = {Tang, Yehui and Wang, Yunhe and Xu, Yixing and Shi, Boxin and Xu, Chao and Xu, Chunjing and Xu, Chang},
  year      = {2020}
}

@inproceedings{thrun1995lifelong,
  title        = {A lifelong learning perspective for mobile robot control},
  author       = {Thrun, Sebastian},
  booktitle    = {International Conference on Intelligent Robots and Systems (IROS)},
  pages        = {201--214},
  year         = {1995},
  organization = {Elsevier}
}
@incollection{torrey2010transfer,
  title     = {Transfer learning},
  author    = {Torrey, Lisa and Shavlik, Jude},
  booktitle = {Handbook of research on machine learning applications and trends: algorithms, methods, and techniques},
  pages     = {242--264},
  year      = {2010},
  publisher = {IGI Global}
}
@inproceedings{tran2019transferability,
  title     = {Transferability and hardness of supervised classification tasks},
  author    = {Tran, Anh T and Nguyen, Cuong V and Hassner, Tal},
  booktitle = {Proceedings of the IEEE/CVF International Conference on Computer Vision},
  pages     = {1395--1405},
  year      = {2019}
}
@inproceedings{tzeng_adversarial_2017,
  title     = {Adversarial discriminative domain adaptation},
  booktitle = {{CVPR}},
  author    = {Tzeng, Eric and Hoffman, Judy and Saenko, Kate and Darrell, Trevor},
  year      = {2017}
}
@inproceedings{tzeng2017adversarial,
  title     = {Adversarial discriminative domain adaptation},
  author    = {Tzeng, Eric and Hoffman, Judy and Saenko, Kate and Darrell, Trevor},
  booktitle = {CVPR},
  pages     = {7167--7176},
  year      = {2017}
}
@article{ulyanov_instance_2016,
  title   = {Instance normalization: {The} missing ingredient for fast stylization},
  journal = {arXiv preprint arXiv:1607.08022},
  author  = {Ulyanov, Dmitry and Vedaldi, Andrea and Lempitsky, Victor},
  year    = {2016}
}
@inproceedings{wang2017chestxray,
  author    = {Wang, Xiaosong and Peng, Yifan and Lu, Le and Lu, Zhiyong and Bagheri, Mohammadhadi and Summers, Ronald},
  title     = {ChestX-ray8: Hospital-scale Chest X-ray Database and Benchmarks on Weakly-Supervised Classification and Localization of Common Thorax Diseases},
  booktitle = {2017 IEEE Conference on Computer Vision and Pattern Recognition(CVPR)},
  pages     = {3462--3471},
  year      = {2017}
}
@article{wang2018characterizing,
  title   = {Characterizing and Avoiding Negative Transfer},
  author  = {Wang, Zirui and Dai, Zihang and P{\'o}czos, Barnab{\'a}s and Carbonell, Jaime},
  journal = {IEEE conference on computer vision and pattern recognition (CVPR)},
  year    = {2019}
}
@article{wang2018glue,
  title   = {GLUE: A Multi-Task Benchmark and Analysis Platform for Natural Language Understanding},
  author  = {Wang, Alex and Singh, Amanpreet and Michael, Julian and Hill, Felix and Levy, Omer and Bowman, Samuel R},
  journal = {Conference on Empirical Methods in Natural Language Processing (EMNLP)},
  pages   = {353},
  year    = {2018}
}
@inproceedings{wang2019characterizing,
  title     = {Characterizing and avoiding negative transfer},
  author    = {Wang, Zirui and Dai, Zihang and P{\'o}czos, Barnab{\'a}s and Carbonell, Jaime},
  booktitle = {Proceedings of the IEEE/CVF Conference on Computer Vision and Pattern Recognition},
  pages     = {11293--11302},
  year      = {2019}
}
@inproceedings{wang2019transferable,
  title     = {Transferable attention for domain adaptation},
  author    = {Wang, Ximei and Li, Liang and Ye, Weirui and Long, Mingsheng and Wang, Jianmin},
  booktitle = {AAAI Conference on Artificial Intelligence (AAAI)},
  year      = {2019}
}
@inproceedings{wang2019transnorm,
  title     = {Transferable Normalization: Towards Improving Transferability of Deep Neural Networks},
  author    = {Wang, Ximei and Jin, Ying and Long, Mingsheng and Wang, Jianmin and Jordan, Michael I},
  booktitle = {Advances in Neural Information Processing Systems},
  pages     = {1951--1961},
  year      = {2019}
}
@techreport{WelinderEtal2010,
  author      = {P. Welinder and S. Branson and T. Mita and C. Wah and F. Schroff and S. Belongie and P. Perona},
  institution = {California Institute of Technology},
  number      = {CNS-TR-2010-001},
  title       = {{Caltech-UCSD Birds 200}},
  year        = {2010}
}
@inproceedings{wu2018GroupNorm,
  author    = {Wu, Yuxin and He, Kaiming},
  booktitle = {ECCV},
  title     = {Group normalization},
  year      = {2018}
}
@article{wu2021rethinking,
  title   = {Rethinking" batch" in batchnorm},
  author  = {Wu, Yuxin and Johnson, Justin},
  journal = {arXiv preprint arXiv:2105.07576},
  year    = {2021}
}
@inproceedings{xuhong2018explicit,
  title     = {Explicit Inductive Bias for Transfer Learning with Convolutional Networks},
  author    = {Xuhong Li and Grandvalet Yves and Davoine Franck},
  booktitle = {ICML},
  pages     = {2830--2839},
  year      = {2018}
}
@inproceedings{yan_towards_2020,
  title     = {Towards {Stabilizing} {Batch} {Statistics} in {Backward} {Propagation} of {Batch} {Normalization}},
  booktitle = {{ICLR}},
  author    = {Yan, Junjie and Wan, Ruosi and Zhang, Xiangyu and Zhang, Wei and Wei, Yichen and Sun, Jian},
  year      = {2020}
}
@inproceedings{yim2017gift,
  title     = {A gift from knowledge distillation: Fast optimization, network minimization and transfer learning},
  author    = {Yim, Junho and Joo, Donggyu and Bae, Jihoon and Kim, Junmo},
  booktitle = {IEEE Conference on Computer Vision and Pattern Recognition (CVPR)},
  pages     = {4133--4141},
  year      = {2017}
}
@inproceedings{yoon2018lifelong,
  title     = {Lifelong Learning with Dynamically Expandable Networks},
  author    = {Yoon, Jaehong and Yang, Eunho and Lee, Jeongtae and Hwang, Sung Ju},
  booktitle = {International Conference on Learning Representations (ICLR)},
  year      = {2018}
}
@article{you2020co,
  title   = {Co-tuning for transfer learning},
  author  = {You, Kaichao and Kou, Zhi and Long, Mingsheng and Wang, Jianmin},
  journal = {Advances in Neural Information Processing Systems},
  volume  = {33},
  pages   = {17236--17246},
  year    = {2020}
}
@inproceedings{you2021logme,
  title        = {Logme: Practical assessment of pre-trained models for transfer learning},
  author       = {You, Kaichao and Liu, Yong and Wang, Jianmin and Long, Mingsheng},
  booktitle    = {International Conference on Machine Learning},
  pages        = {12133--12143},
  year         = {2021},
  organization = {PMLR}
}
@article{Yu_2019,
  title     = {Universally Slimmable Networks and Improved Training Techniques},
  journal   = {2019 IEEE/CVF International Conference on Computer Vision (ICCV)},
  publisher = {IEEE},
  author    = {Yu, Jiahui and Huang, Thomas},
  year      = {2019}
}
@article{zagoruyko2016paying,
  title   = {Paying more attention to attention: Improving the performance of convolutional neural networks via attention transfer},
  author  = {Zagoruyko, Sergey and Komodakis, Nikos},
  journal = {International Conference on Learning Representations (ICLR)},
  year    = {2017}
}
@inproceedings{zamir_taskonomy:_2018,
  title  = {Taskonomy: {Disentangling} {Task} {Transfer} {Learning}},
  author = {Zamir, Amir R. and Sax, Alexander and Shen, William and Guibas, Leonidas J. and Malik, Jitendra and Savarese, Silvio},
  year   = {2018}
}
@inproceedings{zhang_shufflenet:_2018,
  title     = {Shufflenet: {An} extremely efficient convolutional neural network for mobile devices},
  booktitle = {{CVPR}},
  author    = {Zhang, Xiangyu and Zhou, Xinyu and Lin, Mengxiao and Sun, Jian},
  year      = {2018}
}
@inproceedings{zhang_understanding_2017,
  title     = {Understanding deep learning requires rethinking generalization},
  booktitle = {{ICLR}},
  author    = {Zhang, Chiyuan and Bengio, Samy and Hardt, Moritz and Recht, Benjamin and Vinyals, Oriol},
  year      = {2017}
}
@inproceedings{zhang2019parameter,
  title        = {Parameter transfer unit for deep neural networks},
  author       = {Zhang, Yinghua and Zhang, Yu and Yang, Qiang},
  booktitle    = {Pacific-Asia Conference on Knowledge Discovery and Data Mining (PAKDD)},
  pages        = {82--95},
  year         = {2019},
  organization = {Springer}
}
@article{zhong2020bi,
  title   = {Bi-tuning of pre-trained representations},
  author  = {Zhong, Jincheng and Wang, Ximei and Kou, Zhi and Wang, Jianmin and Long, Mingsheng},
  journal = {arXiv preprint arXiv:2011.06182},
  year    = {2020}
}
@article{zhou2017places,
  title     = {Places: A 10 million image database for scene recognition},
  author    = {Zhou, Bolei and Lapedriza, Agata and Khosla, Aditya and Oliva, Aude and Torralba, Antonio},
  journal   = {IEEE transactions on pattern analysis and machine intelligence (TPAMI)},
  volume    = {40},
  number    = {6},
  pages     = {1452--1464},
  year      = {2017},
  publisher = {IEEE}
}